@inproceedings{Tourviz,
 author = {Chau, Duen Horng and Akoglu, Leman and Vreeken, Jilles and Tong, Hanghang and Faloutsos, Christos},
 title = {TourViz: Interactive Visualization of Connection Pathways in Large Graphs},
 booktitle = {Proceedings of the 18th ACM SIGKDD International Conference on Knowledge Discovery and Data Mining},
 series = {KDD '12},
 year = {2012},
 isbn = {978-1-4503-1462-6},
 location = {Beijing, China},
 pages = {1516--1519},
 numpages = {4},
 url = {http://doi.acm.org/10.1145/2339530.2339769},
 doi = {10.1145/2339530.2339769},
 acmid = {2339769},
 publisher = {ACM},
 address = {New York, NY, USA},
 keywords = {connection subgraphs, large networks, sensemaking},
}

@inproceedings{GeneratingInformationMaps,
 author = {Shahaf, Dafna and Guestrin, Carlos and Horvitz, Eric},
 title = {Trains of Thought: Generating Information Maps},
 booktitle = {Proceedings of the 21st International Conference on World Wide Web},
 series = {WWW '12},
 year = {2012},
 isbn = {978-1-4503-1229-5},
 location = {Lyon, France},
 pages = {899--908},
 numpages = {10},
 url = {http://doi.acm.org/10.1145/2187836.2187957},
 doi = {10.1145/2187836.2187957},
 acmid = {2187957},
 publisher = {ACM},
 address = {New York, NY, USA},
 keywords = {information, metro maps, summarization},
}

@inproceedings{MetroMapsOfScience,
 author = {Shahaf, Dafna and Guestrin, Carlos and Horvitz, Eric},
 title = {Metro Maps of Science},
 booktitle = {Proceedings of the 18th ACM SIGKDD International Conference on Knowledge Discovery and Data Mining},
 series = {KDD '12},
 year = {2012},
 isbn = {978-1-4503-1462-6},
 location = {Beijing, China},
 pages = {1122--1130},
 numpages = {9},
 url = {http://doi.acm.org/10.1145/2339530.2339706},
 doi = {10.1145/2339530.2339706},
 acmid = {2339706},
 publisher = {ACM},
 address = {New York, NY, USA},
 keywords = {information, metro maps, summarization},
} 


@inproceedings{ESTHETE,
 author = {Goyal, Rahul and Malla, Ravee and Bagchi, Amitabha and Mehta, Sameep and Ramanath, Maya},
 title = {ESTHETE: A News Browsing System to Visualize the Context and Evolution of News Stories},
 booktitle = {Proceedings of the 22Nd ACM International Conference on Information \& Knowledge Management},
 series = {CIKM '13},
 year = {2013},
 isbn = {978-1-4503-2263-8},
 location = {San Francisco, California, USA},
 pages = {2529--2532},
 numpages = {4},
 url = {http://doi.acm.org/10.1145/2505515.2508208},
 doi = {10.1145/2505515.2508208},
 acmid = {2508208},
 publisher = {ACM},
 address = {New York, NY, USA},
 keywords = {entity topic exploration, news browsing, news story visualization},
}

@inproceedings{DiscoveringDiverseAndSalientThreads,
 author = {Gillenwater, Jennifer and Kulesza, Alex and Taskar, Ben},
 title = {Discovering Diverse and Salient Threads in Document Collections},
 booktitle = {Proceedings of the 2012 Joint Conference on Empirical Methods in Natural Language Processing and Computational Natural Language Learning},
 series = {EMNLP-CoNLL '12},
 year = {2012},
 location = {Jeju Island, Korea},
 pages = {710--720},
 numpages = {11},
 url = {http://dl.acm.org/citation.cfm?id=2390948.2391026},
 acmid = {2391026},
 publisher = {Association for Computational Linguistics},
 address = {Stroudsburg, PA, USA},
} 

@inproceedings{StructuredSummarizationForNewsEvents,
 author = {Binh Tran, Giang},
 title = {Structured Summarization for News Events},
 booktitle = {Proceedings of the 22Nd International Conference on World Wide Web},
 series = {WWW '13 Companion},
 year = {2013},
 isbn = {978-1-4503-2038-2},
 location = {Rio de Janeiro, Brazil},
 pages = {343--348},
 numpages = {6},
 url = {http://doi.acm.org/10.1145/2487788.2487940},
 doi = {10.1145/2487788.2487940},
 acmid = {2487940},
 publisher = {ACM},
 address = {New York, NY, USA},
 keywords = {causal, hierarchical, news events, relation extraction, spatial, structured summarization, temporal},
} 

@article{VisuallySummarizingWebPages,
 author = {Jiao, Binxing and Yang, Linjun and Xu, Jizheng and Tian, Qi and Wu, Feng},
 title = {Visually Summarizing Web Pages Through Internal and External Images},
 journal = {Trans. Multi.},
 issue_date = {December 2012},
 volume = {14},
 number = {6},
 month = dec,
 year = {2012},
 issn = {1520-9210},
 pages = {1673--1683},
 numpages = {11},
 url = {http://dx.doi.org/10.1109/TMM.2012.2198457},
 doi = {10.1109/TMM.2012.2198457},
 acmid = {2719379},
 publisher = {IEEE Press},
 address = {Piscataway, NJ, USA},
} 

@book{FoundationsOfStatisticalNaturalLanguageProcessing,
 author = {Manning, Christopher D. and Sch\"{u}tze, Hinrich},
 title = {Foundations of Statistical Natural Language Processing},
 year = {1999},
 isbn = {0-262-13360-1},
 publisher = {MIT Press},
 address = {Cambridge, MA, USA},
} 

@article{InformationCartography,
 author = {Shahaf, Dafna and Guestrin, Carlos and Horvitz, Eric and Leskovec, Jure},
 title = {Information Cartography},
 journal = {Commun. ACM},
 issue_date = {November 2015},
 volume = {58},
 number = {11},
 month = oct,
 year = {2015},
 issn = {0001-0782},
 pages = {62--73},
 numpages = {12},
 url = {http://doi.acm.org/10.1145/2735624},
 doi = {10.1145/2735624},
 acmid = {2735624},
 publisher = {ACM},
 address = {New York, NY, USA},
} 

@article{ATaxonomyofWebSearch,
 author = {Broder, Andrei},
 title = {A Taxonomy of Web Search},
 journal = {SIGIR Forum},
 issue_date = {Fall 2002},
 volume = {36},
 number = {2},
 month = sep,
 year = {2002},
 issn = {0163-5840},
 pages = {3--10},
 numpages = {8},
 url = {http://doi.acm.org/10.1145/792550.792552},
 doi = {10.1145/792550.792552},
 acmid = {792552},
 publisher = {ACM},
 address = {New York, NY, USA},
} 

@inproceedings{EventThreadingWithinNewsTopics,
 author = {Nallapati, Ramesh and Feng, Ao and Peng, Fuchun and Allan, James},
 title = {Event Threading Within News Topics},
 booktitle = {Proceedings of the Thirteenth ACM International Conference on Information and Knowledge Management},
 series = {CIKM '04},
 year = {2004},
 isbn = {1-58113-874-1},
 location = {Washington, D.C., USA},
 pages = {446--453},
 numpages = {8},
 url = {http://doi.acm.org/10.1145/1031171.1031258},
 doi = {10.1145/1031171.1031258},
 acmid = {1031258},
 publisher = {ACM},
 address = {New York, NY, USA},
 keywords = {clustering, dependency, event, threading},
} 

@inproceedings{ExploringLongRunningNewsStoriesUsingWikipedia,
 author = {Singh, Jaspreet and Anand, Abhijit and Setty, Vinay and Anand, Avishek},
 title = {Exploring Long Running News Stories Using Wikipedia},
 booktitle = {Proceedings of the ACM Web Science Conference},
 series = {WebSci '15},
 year = {2015},
 isbn = {978-1-4503-3672-7},
 location = {Oxford, United Kingdom},
 pages = {57:1--57:2},
 articleno = {57},
 numpages = {2},
 url = {http://doi.acm.org/10.1145/2786451.2786489},
 doi = {10.1145/2786451.2786489},
 acmid = {2786489},
 publisher = {ACM},
 address = {New York, NY, USA},
 keywords = {Exploration, News, Wikipedia},
} 

@Inbook{VisualInterfacesToDigitalLibraries,
author="B{\"o}rner, Katy
and Chen, Chaomei",
editor="B{\"o}rner, Katy
and Chen, Chaomei",
title="Visual Interfaces to Digital Libraries: Motivation, Utilization, and Socio-technical Challenges",
bookTitle="Visual Interfaces to Digital Libraries",
year="2002",
publisher="Springer Berlin Heidelberg",
address="Berlin, Heidelberg",
pages="1--9",
isbn="978-3-540-36222-7",
doi="10.1007/3-540-36222-3_1",
url="http://dx.doi.org/10.1007/3-540-36222-3_1"
}

@inproceedings{InteractiveTopicBasedVisualTextSummarizationAndAnalysis,
 author = {Liu, Shixia and Zhou, Michelle X. and Pan, Shimei and Qian, Weihong and Cai, Weijia and Lian, Xiaoxiao},
 title = {Interactive, Topic-based Visual Text Summarization and Analysis},
 booktitle = {Proceedings of the 18th ACM Conference on Information and Knowledge Management},
 series = {CIKM '09},
 year = {2009},
 isbn = {978-1-60558-512-3},
 location = {Hong Kong, China},
 pages = {543--552},
 numpages = {10},
 url = {http://doi.acm.org/10.1145/1645953.1646023},
 doi = {10.1145/1645953.1646023},
 acmid = {1646023},
 publisher = {ACM},
 address = {New York, NY, USA},
 keywords = {interactive text visualization, stacked graph, text summarization, topic model},
}

@inproceedings{nReader,
 author = {Wang, Taifeng and Yu, Nenghai and Li, Zhiwei and Li, Mingjing},
 title = {nReader: Reading News Quickly, Deeply and Vividly},
 booktitle = {CHI '06 Extended Abstracts on Human Factors in Computing Systems},
 series = {CHI EA '06},
 year = {2006},
 isbn = {1-59593-298-4},
 location = {Montr\&\#233;al, Qu\&\#233;bec, Canada},
 pages = {1385--1390},
 numpages = {6},
 url = {http://doi.acm.org/10.1145/1125451.1125707},
 doi = {10.1145/1125451.1125707},
 acmid = {1125707},
 publisher = {ACM},
 address = {New York, NY, USA},
 keywords = {RSS, extension of RSS, multimedia RSS reader, news recommendation system, user interface design},
}

@inproceedings{AnalysingUserAccessToAnOnlineNewspaper,
 author = {Husin, Husna Sarirah and Thom, James A. and Zhang, Xiuzhen},
 title = {Analysing User Access To An Online Newspaper},
 booktitle = {Proceedings of the 2014 Australasian Document Computing Symposium},
 series = {ADCS '14},
 year = {2014},
 isbn = {978-1-4503-3000-8},
 location = {Melbourne, VIC, Australia},
 pages = {77:77--77:80},
 articleno = {77},
 numpages = {4},
 url = {http://doi.acm.org/10.1145/2682862.2682875},
 doi = {10.1145/2682862.2682875},
 acmid = {2682875},
 publisher = {ACM},
 address = {New York, NY, USA},
 keywords = {online newspaper, user identification, web server logs},
} 

@misc{NewMediaPartI,
  title = {{New Media, Part I: Redefining journalism}},
  author = {Vineet Kaul},
  howpublished = {\url{https://cie.acm.org/articles/new-media-redefining-journalism}},
  note = {Accessed: 18/10/2016}
}

@misc{NewMediaPartII,
  title = {New Media, Part I: Redefining journalism},
  author = {Vineet Kaul}
  howpublished = {\url{http://cie.acm.org/articles/new-media-part-ii-redefining-journalism/}},
  note = {Accessed: 18/10/2016}
}

@inproceedings{GalaxyOfNews,
 author = {Rennison, Earl},
 title = {Galaxy of News: An Approach to Visualizing and Understanding Expansive News Landscapes},
 booktitle = {Proceedings of the 7th Annual ACM Symposium on User Interface Software and Technology},
 series = {UIST '94},
 year = {1994},
 isbn = {0-89791-657-3},
 location = {Marina del Rey, California, USA},
 pages = {3--12},
 numpages = {10},
 url = {http://doi.acm.org/10.1145/192426.192429},
 doi = {10.1145/192426.192429},
 acmid = {192429},
 publisher = {ACM},
 address = {New York, NY, USA},
 keywords = {3D interactive graphics, abstracted information spaces, information interaction design, information space design, information visualization, pyramidal information structures},
} 

@article{UnderstandingTheParticipatoryNewsConsumer,
  title={Understanding the participatory news consumer},
  author={Purcell, Kristen and Rainie, Lee and Mitchell, Amy and Rosenstiel, Tom and Olmstead, Kenny},
  journal={Pew Internet and American Life Project},
  volume={1},
  pages={19--21},
  year={2010}
}

@article{FromTVToTwitter,
  title={From TV to Twitter: How ambient news became ambient journalism},
  author={Hermida, Alfred},
  journal={Media/Culture Journal},
  volume={13},
  number={2},
  year={2010}
}

@inproceedings{FromMetaphorToMethod,
 author = {Skupin, Andr{\'e}},
 title = {From Metaphor to Method: Cartographic Perspectives on Information Visualization},
 booktitle = {Proceedings of the IEEE Symposium on Information Vizualization 2000},
 series = {INFOVIS '00},
 year = {2000},
 isbn = {0-7695-0804-9},
 pages = {91--},
 url = {http://dl.acm.org/citation.cfm?id=857190.857692},
 acmid = {857692},
 publisher = {IEEE Computer Society},
 address = {Washington, DC, USA},
 keywords = {Information Visualization, Cartography, Cartographic Generalization, Feature Labeling, Maps},
} 

@inproceedings{tfidf,
  title={Using tf-idf to determine word relevance in document queries},
  author={Ramos, Juan},
  booktitle={Proceedings of the first instructional conference on machine learning},
  year={2003}
}

